<?xml version="1.0" encoding="UTF-8"?><collection xmlns="http://www.loc.gov/MARC21/slim"><record><leader>00442nam--2200169-i-4500</leader><controlfield tag="001">000040469</controlfield><controlfield tag="002">20161230</controlfield><controlfield tag="005">20161230201042</controlfield><controlfield tag="008">060222s1000------------r-----000-0-eng-d</controlfield><datafield ind1=" " ind2=" " tag="040"><subfield code="a">IFIN-HH</subfield></datafield><datafield ind1=" " ind2=" " tag="080"><subfield code="a">530.192</subfield></datafield><datafield ind1="1" ind2=" " tag="100"><subfield code="a">Rzewuski, J</subfield></datafield><datafield ind1="1" ind2="0" tag="245"><subfield code="a">Field theorey part i. classical theory</subfield><subfield code="c">Jan rzewuski</subfield></datafield><datafield ind1=" " ind2=" " tag="260"><subfield code="a">Warszawa</subfield><subfield code="b">Polish Acadademy Of Sciences</subfield><subfield code="c">1958</subfield></datafield><datafield ind1=" " ind2=" " tag="300"><subfield code="a">297P</subfield></datafield><datafield ind1=" " ind2=" " tag="852"><subfield code="a">5827</subfield><subfield code="c">530.1</subfield></datafield><datafield ind1=" " ind2=" " tag="CAT"><subfield code="a">Sys</subfield><subfield code="c">20160408</subfield><subfield code="h">123536</subfield></datafield></record></collection>